@misc{AboutOpenRefine,
	author = {OpenRefine community},
	title = {Introduction to OpenRefine},
	year = {2012},
	howpublished={\url{https://openrefine.org/}},
	note = "[Online; accessed 02-September-2021]"
}

@misc{AboutGeoSpatialData,
	author = {Safe Software Inc},
	title = {What is Spatial Data?},
	howpublished={\url{https://www.safe.com/what-is/spatial-data/}},
	note = "[Online; accessed 02-September-2021]"
}


@misc{WhatIsOverpass,
	author = {OpenStreetMap Community},
	title = {Overpass API},
	howpublished={\url{https://wiki.openstreetmap.org/wiki/Overpass_API}},
	note = "[Online; accessed 02-September-2021]"
}

@misc{ArcGISGeoJSON,
	author = {ArcGIS},
	title = {GeoJSON},
	howpublished={\url{https://doc.arcgis.com/en/arcgis-online/reference/geojson.htm}},
	note = "[Online; accessed 02-September-2021]"
}

@article{OpenRefineCoreDump,
    author = {Labian Gashi},
	title = {Explore, Clean and Integrate Data with OpenRefine},
	year = {2021},
	url = {https://md.coredump.ch/s/ICjanZtTG}
}

@misc{OSMElements,
	Author = {OpenStreetMap Community},
	Title = {OpenStreetMap Elements},
	Url = {https://wiki.openstreetmap.org/wiki/Elements},
	Note = "[Online; accessed 03-September-2021]"
}

@misc{WhatIsOverpassAPI,
	Author = {OpenStreetMap Dev Community},
	Title = {OpenStreetMap and the Overpass API},
	Url = {https://dev.overpass-api.de/overpass-doc/en/preface/preface.html},
	Note = "[Online; accessed 03-September-2021]"
}


@misc{WhatIsOverpassQL,
	Author = {OpenStreetMap Community},
	Title = {Overpass API/Overpass QL},
	Url = {https://wiki.openstreetmap.org/wiki/Overpass_API/Overpass_QL},
	Note = "[Online; accessed 03-September-2021]"
}

@misc{WhatIsGeoJSON,
	Author = {Internet Engineering Task Force (IETF)},
	Title = {GEOJSON},
	Url = {https://geojson.org/},
	Year = {2015},
	Note = "[Online; accessed 03-September-2021]"
}
